<record><leader>00000cas a22000007a 4500</leader><controlfield tag="001">41714557</controlfield><controlfield tag="008">990709d18uu19uusduwr ne      0    0eng d</controlfield><datafield ind1=" " ind2=" " tag="010"><subfield code="a">sn 99067975 </subfield></datafield><datafield ind1=" " ind2=" " tag="040"><subfield code="a">SXN</subfield><subfield code="b">eng</subfield><subfield code="c">SXN</subfield><subfield code="d">OCLCQ</subfield><subfield code="d">OCLCO</subfield></datafield><datafield ind1=" " ind2=" " tag="042"><subfield code="a">msc</subfield></datafield><datafield ind1=" " ind2=" " tag="043"><subfield code="a">n-us-sd</subfield></datafield><datafield ind1="0" ind2="4" tag="245"><subfield code="a">The Wheeler courier.</subfield></datafield><datafield ind1=" " ind2=" " tag="260"><subfield code="a">Wheeler, Charles Mix County, S.D. :</subfield><subfield code="b">James H. Exon</subfield></datafield><datafield ind1=" " ind2=" " tag="310"><subfield code="a">Weekly</subfield></datafield><datafield ind1=" " ind2=" " tag="530"><subfield code="a">Available on microfilm from: State Archives, South Dakota State Historical Society.</subfield></datafield><datafield ind1=" " ind2=" " tag="588"><subfield code="a">Description based on: Vol. 11, no. 14 (Mar. 5, 1896).</subfield></datafield><datafield ind1=" " ind2="0" tag="651"><subfield code="a">Wheeler (S.D.)</subfield><subfield code="v">Newspapers.</subfield></datafield><datafield ind1=" " ind2="0" tag="651"><subfield code="a">Charles Mix County (S.D.)</subfield><subfield code="v">Newspapers.</subfield></datafield><datafield ind1=" " ind2=" " tag="752"><subfield code="a">United States</subfield><subfield code="b">South Dakota</subfield><subfield code="c">Charles Mix</subfield><subfield code="d">Wheeler.</subfield></datafield><datafield ind1="0" ind2="0" tag="785"><subfield code="a">Charles Mix County courier</subfield><subfield code="w">(DLC)sn 99067974</subfield></datafield></record>